@article{journals/jdi/ChoudhriR11,
	author = {Choudhri, Asim F. and Radvany, Martin G.},
	journal = {J. Digital Imaging},
	number = 2,
	pages = {184-189},
	title = {Initial Experience with a Handheld Device Digital Imaging and Communications in Medicine Viewer: OsiriX Mobile on the iPhone.},
	url = {http://dblp.uni-trier.de/db/journals/jdi/jdi24.html#ChoudhriR11},
	volume = 24,
	year = 2011
}

@article{20359897,
	author = {Yamauchi, Tomonori and Yamazaki, Masashi and Okawa, Akihiko and Furuya, Takeo and Hayashi, Koichi and Sakuma, Tsuyoshi and Takahashi, Hiroshi and Yanagawa, Noriyuki and Koda, Masao},
	journal = {J Clin Neurosci},
	number = 6,
	pages = {756-9},
	title = {Efficacy and reliability of highly functional open source DICOM software (OsiriX) in spine surgery.},
	url = {http://www.biomedsearch.com/nih/Efficacy-reliability-highly-functional-open/20359897.html},
	volume = 17,
	year = 2010
}

@article{journals/jdi/TangLLC04,
	author = {hay Tang, Fuk and Law, Maria Y. Y. and Lee, Ares C. H. and Chan, Lawrence Wing-Chi},
	journal = {J. Digital Imaging},
	number = 3,
	pages = {217-225},
	title = {A Mobile Phone Integrated Health Care Delivery System of Medical Images.},
	url = {http://dblp.uni-trier.de/db/journals/jdi/jdi17.html#TangLLC04},
	volume = 17,
	year = 2004
}

@article{rosset2004osirix,
	author = {Rosset, Antoine and Spadola, Luca},
	journal = {Journal of Digital Imaging},
	number = 3,
	pages = {205--216},
	publisher = {Springer},
	title = {OsiriX: an open-source software for navigating in multidimensional DICOM images},
	volume = 17,
	year = 2004
}

@proceeding{doi:10.1117/12.480650,
	author = {Sun, Jianyong and Zhang, Jianguo and Huang, Yongbin and Tang, Shan and Huang, H. K.},
	journal = {Proc. SPIE},
	number = {},
	pages = {260-268},
	title = {Design and performance evaluation of web-based medical image display system for PACS applications},
	url = { http://dx.doi.org/10.1117/12.480650},
	volume = 5033,
	year = 2003
}

@article{journals/cmig/Doi07,
	author = {Doi, Kunio},
	journal = {Comp. Med. Imag. and Graph.},
	number = {4-5},
	pages = {198-211},
	title = {Computer-aided diagnosis in medical imaging: Historical review, current status and future potential.},
	url = {http://dblp.uni-trier.de/db/journals/cmig/cmig31.html#Doi07},
	volume = 31,
	year = 2007
}

@article{journals/cmig/Nishikawa07,
	author = {Nishikawa, Robert M.},
	journal = {Comp. Med. Imag. and Graph.},
	number = {4-5},
	pages = {224-235},
	title = {Current status and future directions of computer-aided diagnosis in mammography.},
	url = {http://dblp.uni-trier.de/db/journals/cmig/cmig31.html#Nishikawa07},
	volume = 31,
	year = 2007
}

@article{johnston1994effects,
	author = {Johnston, Mary E and Langton, Karl B and Haynes, R Brian and Mathieu, Alix},
	journal = {Annals of internal medicine},
	number = 2,
	pages = {135--142},
	publisher = {Am Coll Physicians},
	title = {Effects of computer-based clinical decision support systems on clinician performance and patient outcome: a critical appraisal of research},
	volume = 120,
	year = 1994
}

@proceeding{doi:10.1117/12.877968,
	author = {Samulski, Maurice R. M. and Snoeren, Peter R. and Platel, Bram and van Ginneken, Bram and Hogeweg, Laurens and Schaefer-Prokop, Cornelia and Karssemeijer, Nico},
	journal = {Proc. SPIE},
	number = {},
	pages = {796614-796614-6},
	title = {Computer-aided detection as a decision assistant in chest radiography},
	url = { http://dx.doi.org/10.1117/12.877968},
	volume = 7966,
	year = 2011
}

@article{Fujita:2008:CDE:1456710.1456735,
	address = {New York, NY, USA},
	author = {Fujita, Hiroshi and Uchiyama, Yoshikazu and Nakagawa, Toshiaki and Fukuoka, Daisuke and Hatanaka, Yuji and Hara, Takeshi and Lee, Gobert N. and Hayashi, Yoshinori and Ikedo, Yuji and Gao, Xin and Zhou, Xiangrong},
	journal = {Comput. Methods Prog. Biomed.},
	month = {},
	number = 3,
	pages = {238--248},
	publisher = {Elsevier North-Holland, Inc.},
	title = {Computer-aided diagnosis: The emerging of three CAD systems induced by Japanese health care needs},
	url = {http://dx.doi.org/10.1016/j.cmpb.2008.04.003},
	volume = 92,
	year = 2008
}

@article{kundel1975interpreting,
	author = {Kundel, Harold L and Nodine, Calvin F},
	journal = {Radiology},
	number = 3,
	pages = {527--532},
	publisher = {Radiological Society of North America},
	title = {Interpreting chest radiographs without visual search},
	volume = 116,
	year = 1975
}

@article{huang2011short,
	author = {Huang, HK},
	journal = {European journal of radiology},
	number = 2,
	pages = {163--176},
	publisher = {Elsevier},
	title = {Short history of PACS. Part I: USA},
	volume = 78,
	year = 2011
}

@article{lemke2011short,
	author = {Lemke, Heinz U},
	journal = {European journal of radiology},
	number = 2,
	pages = {177--183},
	publisher = {Elsevier},
	title = {Short history of PACS (Part II: Europe)},
	volume = 78,
	year = 2011
}

@book{huang2010pacs,
	author = {Huang, HK},
	publisher = {Wiley. com},
	title = {PACS and imaging informatics: basic principles and applications},
	year = 2010
}

@book{pianykh2012digital,
	author = {Pianykh, Oleg S},
	publisher = {Springer},
	title = {Digital imaging and communications in medicine (DICOM): a practical introduction and survival guide},
	year = 2012
}

@article{bidgood1992introduction,
	author = {Bidgood, W Dean and Horii, Steven C},
	journal = {Radiographics},
	number = 2,
	pages = {345--355},
	publisher = {Radiological Society of North America},
	title = {Introduction to the ACR-NEMA DICOM standard.},
	volume = 12,
	year = 1992
}

@inproceedings{dicomtrends,
	author = {Loef, Cor},
	publisher = {DICOM 2013 International Conference and Seminar Program},
	title = {Trends and future in DICOM standardization},
	year = 2013
}

@article{torres2012improving,
	author = {Torres, Jos{\'e} Salavert and Dami{\`a} Segrelles Quilis, J and Espert, Ignacio Blanquer and Garc{\'\i}a, Vicente Hernandez},
	journal = {Journal of Biomedical Informatics},
	publisher = {Elsevier},
	title = {Improving knowledge management through the support of image examination and data annotation using DICOM structured reporting},
	year = 2012
}

@book{clunie2000dicom,
	author = {Clunie, D.A.},
	publisher = {PixelMed},
	title = {DICOM Structured Reporting},
	url = {http://books.google.com.mx/books?id=EVjOolUJNGUC},
	year = 2000
}



@article{journals/jamia/Tirado-RamosHL02,
	author = {Tirado-Ramos, Alfredo and Hu, Jingkun and Lee, Kwok Pun},
	journal = {JAMIA},
	number = 1,
	pages = {63-72},
	title = {Model Formulation: Information Object Definition-based Unified Modeling Language Representation of DICOM Structured Reporting: A Case Study of Transcoding DICOM to XML.},
	url = {http://dblp.uni-trier.de/db/journals/jamia/jamia9.html#Tirado-RamosHL02},
	volume = 9,
	year = 2002
}

@article{journals/jbi/TorresQEH12,
	author = {Torres, Jose Salavert and Quilis, J. Damiàn Segrelles and Espert, Ignacio Blanquer and Hernández, Vicente},
	journal = {Journal of Biomedical Informatics},
	number = 6,
	pages = {1066-1074},
	title = {Improving knowledge management through the support of image examination and data annotation using DICOM structured reporting.},
	url = {http://dblp.uni-trier.de/db/journals/jbi/jbi45.html#TorresQEH12},
	volume = 45,
	year = 2012
}

@article{Sackett19973,
	author = {David L. Sackett},
	journal = {Seminars in Perinatology },
	note = {<ce:title>Fatal and Neonatal Hematology for the 21st Century</ce:title> },
	number = 1,
	pages = {3 - 5},
	title = {Evidence-based medicine },
	url = {http://www.sciencedirect.com/science/article/pii/S0146000597800134},
	volume = 21,
	year = 1997
}

@article{Darlenski2010553,
	author = {Razvigor Borislavov Darlenski and Neyko Valentinov Neykov and Vitan Dakov Vlahov and Nikolaï Konstantinov Tsankov},
	journal = {Clinics in Dermatology },
	note = {Controversies in Dermatology: Part III},
	number = 5,
	pages = {553 - 557},
	title = {Evidence-based medicine: Facts and controversies },
	url = {http://www.sciencedirect.com/science/article/pii/S0738081X10000398},
	volume = 28,
	year = 2010
}

@article{Elphick2004525,
	author = {Heather E. Elphick and Rosalind L. Smyth},
	journal = {Current Paediatrics },
	note = {<ce:title>Research in Paediatrics</ce:title> },
	number = 6,
	pages = {525 - 531},
	title = {Research: the principles of evidence-based medicine },
	url = {http://www.sciencedirect.com/science/article/pii/S0957583904000880},
	volume = 14,
	year = 2004
}

@article{sevenster2012aut,
	author = {Sevenster, M. and van Ommering, R. and Qian, Y.},
	journal = {J Digit Imaging},
	number = 2,
	pages = {240-9},
	title = {Automatically correlating clinical findings and body locations in radiology reports using MedLEE.},
	volume = 25,
	year = 2012
}

@article{9227155,
	journal = {Radiographics},
	month = {},
	note = {\url{http://dx.doi.org/10.1148/rg.313105195}},
	title = {Informatics in Radiology: Automated Structured Reporting of Imaging Findings Using the AIM Standard and XML},
	year = 2011
}

@article{citeulike:191295,
	journal = {Proc AMIA Symp},
	pages = {725--729},
	title = {Extensible markup language ({XML}) in health care: integration of structured reporting and decision support.},
	url = {http://view.ncbi.nlm.nih.gov/pubmed/9929314},
	year = 1998
}

@article{mantas2010recommendations,
	author = {Mantas, John and Ammenwerth, Elske and Demiris, George and Hasman, Arie and Haux, Reinhold and Hersh, William and Hovenga, Evelyn and Lun, KC and Marin, Heimar and Martin-Sanchez, Fernando and others},
	journal = {Methods of information in medicine},
	pages = {105--120},
	title = {Recommendations of the International Medical Informatics Association (IMIA) on education in biomedical and health informatics--1st revision},
	volume = 49,
	year = 2010
}

@article{Muller20041,
	author = {Henning Müller and Nicolas Michoux and David Bandon and Antoine Geissbuhler},
	journal = {International Journal of Medical Informatics },
	note = {},
	number = 1,
	pages = {1 - 23},
	title = {A review of content-based image retrieval systems in medical applications—clinical benefits and future directions },
	url = {http://www.sciencedirect.com/science/article/pii/S1386505603002119},
	volume = 73,
	year = 2004
}

@article{Maintz19981,
	author = {J.B.Antoine Maintz and Max A. Viergever},
	journal = {Medical Image Analysis },
	note = {},
	number = 1,
	pages = {1 - 36},
	title = {A survey of medical image registration },
	url = {http://www.sciencedirect.com/science/article/pii/S1361841501800268},
	volume = 2,
	year = 1998
}

@misc{ wiki:imgmedica,
	author = {Wikipedia},
	title = {Imagen médica --- {W}ikipedia{,} The Free Encyclopedia},
	url = {http://es.wikipedia.org/wiki/Imagen_m%C3%A9dica},
	year = 2013
}

@online{nema,
	author = {Asociación Nacional de Fabricantes eléctricos (NEMA)},
	title = {Digital Imaging and Communications in Medicine (DICOM)},
	url = {http://medical.nema.org/},
	year = 2013
}

@inproceedings{802346,
	author = {Whalen, M.W. and Heimdahl, M.P.E.},
	booktitle = {Automated Software Engineering, 1999. 14th IEEE International Conference on.},
	pages = {315-318},
	title = {An approach to automatic code generation for safety-critical systems},
	year = 1999
}

@article{hinchey2005requirements,
	author = {Hinchey, Michael G and Rash, James L and Rouff, Christopher A},
	journal = {NASA tech. monograph TM-2005-212774, NASA Goddard Space Flight Center},
	publisher = {Citeseer},
	title = {Requirements to design to code: Towards a fully formal approach to automatic code generation},
	year = 2005
}

@book{herrington2003code,
	author = {Herrington, Jack},
	publisher = {Manning Publications Co.},
	title = {Code generation in action},
	year = 2003
}

@misc{MDA,
	author = {Molina, Pedro J. },
	howpublished = {SlideShare},
	title = {An Introduction to Crossbow Hunting},
	url = {http://www.slideshare.net/genexus/026-estado-del-arte-de-mdd-model-driven-development},
	year = 2009
}

@article{ mdd,
	year={2008},
	issn={0170-6012},
	journal={Informatik-Spektrum},
	volume={31},
	number={5},
	doi={10.1007/s00287-008-0275-8},
	title={Model-Driven Development},
	url={http://dx.doi.org/10.1007/s00287-008-0275-8},
	publisher={Springer-Verlag},
	author={Pastor, Oscar and España, Sergio and Panach, José Ignacio and Aquino, Nathalie},
	pages={394-407},
	language={English}
}



@article{BlanquerEspert:2009:COV:1528937.1529213,
	address = {Amsterdam, The Netherlands, The Netherlands},
	author = {Blanquer Espert, Ignacio and Hernández García, Vicente and Meseguer Anastásio, Fco. Javier and Segrelles Quilis, J. Damià},
	journal = {Future Gener. Comput. Syst.},
	month = {},
	number = 6,
	pages = {627--637},
	publisher = {Elsevier Science Publishers B. V.},
	title = {Content-based organisation of virtual repositories of DICOM objects},
	url = {http://dx.doi.org/10.1016/j.future.2008.12.004},
	volume = 25,
	year = 2009
}
@article{hussein2004dicom,
  title={DICOM structured reporting Part 1. Overview and characteristics1},
  author={Hussein, Rada and Engelmann, Uwe and Schroeter, Andre and Meinzer, Hans-Peter},
  journal={Radiographics},
  volume={24},
  number={3},
  pages={891--896},
  year={2004},
  publisher={Radiological Society of North America}
}

@article{hussein2004dicom2,
  title={DICOM structured reporting Part 2. Problems and challenges in implementation for PACS workstations1},
  author={Hussein, Rada and Engelmann, Uwe and Schroeter, Andre and Meinzer, Hans-Peter},
  journal={Radiographics},
  volume={24},
  number={3},
  pages={897--909},
  year={2004},
  publisher={Radiological Society of North America}
}


@proceeding{doi:10.1117,
author = {Clunie, David A.},
title = {DICOM structured reporting: an object model as an implementation boundary},
journal = {Proc. SPIE},
volume = {4323},
number = {},
pages = {207-215},
year = {2001},
doi = {10.1117/12.435478},
URL = { http://dx.doi.org/10.1117/12.435478},
eprint = {}
}

@article{tirado2002information,
  title={Information Object Definition--based Unified Modeling Language Representation of DICOM Structured Reporting A Case Study of Transcoding DICOM to XML},
  author={Tirado-Ramos, Alfredo and Hu, Jingkun and Lee, Kwok Pun},
  journal={Journal of the American Medical Informatics Association},
  volume={9},
  number={1},
  pages={63--72},
  year={2002},
  publisher={BMJ Publishing Group Ltd}
}

@article{Riesmeier2001795,
title = "\{DICOM\} Structured Reporting—a prototype implementation ",
journal = "International Congress Series ",
volume = "1230",
number = "0",
pages = "795 - 800",
year = "2001",
note = "<ce:title>Computer Assisted Radiology and Surgery</ce:title> ",
issn = "0531-5131",
doi = "http://dx.doi.org/10.1016/S0531-5131(01)00137-6",
url = "http://www.sciencedirect.com/science/article/pii/S0531513101001376",
author = "J. Riesmeier and M. Eichelberg and K. Kleber and H. Oosterwijk and S. von Gehlen and D.H.W. Grönemeyer and P. Jensch"
}

@article{noumeir2006benefits,
  title={Benefits of the DICOM structured report},
  author={Noumeir, Rita},
  journal={Journal of digital imaging},
  volume={19},
  number={4},
  pages={295--306},
  year={2006},
  publisher={Springer}
}

@book{dix2004human,
	author = {Dix, Alan},
	publisher = {Pearson Education},
	title = {Human computer interaction},
	year = 2004
}
